@article{xue2020online,
  title={An online updating approach for testing the proportional hazards assumption with streams of survival data},
  author={Xue, Yishu and Wang, HaiYing and Yan, Jun and Schifano, Elizabeth D},
  journal={Biometrics},
  volume={76},
  number={1},
  pages={171--182},
  year={2020},
  publisher={Wiley Online Library}
}
